<?xml version="1.0" encoding="UTF-8"?>
<record xmlns="http://www.loc.gov/MARC21/slim" xmlns:xsi="http://www.w3.org/2001/XMLSchema-instance" xsi:schemaLocation="http://www.loc.gov/MARC21/slim http://www.loc.gov/standards/marcxml/schema/MARC21slim.xsd">
<leader>00000cam a22      i 4500</leader>
<controlfield tag="001">001677621</controlfield>
<controlfield tag="003">NNU</controlfield>
<controlfield tag="005">20151013155303.0</controlfield>
<controlfield tag="008">881028s1966    iq c     b    000 0bara</controlfield>
<datafield tag="010" ind1=" " ind2=" ">
<subfield code="a">ne 67001565</subfield>
</datafield>
<datafield tag="035" ind1=" " ind2=" ">
<subfield code="a">(OCoLC)23498904</subfield>
</datafield>
<datafield tag="040" ind1=" " ind2=" ">
<subfield code="a">DLC</subfield>
<subfield code="b">eng</subfield>
<subfield code="c">EYM</subfield>
<subfield code="d">DLC</subfield>
<subfield code="d">CGU</subfield>
<subfield code="d">OCLCG</subfield>
<subfield code="d">OCLCF</subfield>
<subfield code="d">OCLCQ</subfield>
<subfield code="d">NNU</subfield>
</datafield>
<datafield tag="042" ind1=" " ind2=" ">
<subfield code="a">premarc</subfield>
</datafield>
<datafield tag="050" ind1="0" ind2="0">
<subfield code="a">CT1918.K8</subfield>
<subfield code="b">A7 1966</subfield>
</datafield>
<datafield tag="100" ind1="1" ind2=" ">
<subfield code="6">880-01</subfield>
<subfield code="a">Ālūsī, Jamāl al-Dīn.</subfield>
</datafield>
<datafield tag="245" ind1="1" ind2="0">
<subfield code="6">880-02</subfield>
<subfield code="a">Muḥammad Kurd ʻAlī /</subfield>
<subfield code="c">taʼlīf Jamāl ʼal-Dīn ʼal-ʼĀlūsī.</subfield>
</datafield>
<datafield tag="260" ind1=" " ind2=" ">
<subfield code="6">880-03</subfield>
<subfield code="a">Baghdād :</subfield>
<subfield code="b">Dār al-Jumhūrīyah,</subfield>
<subfield code="c">1966.</subfield>
</datafield>
<datafield tag="300" ind1=" " ind2=" ">
<subfield code="a">366 pages :</subfield>
<subfield code="b">portrait ;</subfield>
<subfield code="c">25 cm.</subfield>
</datafield>
<datafield tag="336" ind1=" " ind2=" ">
<subfield code="a">text</subfield>
<subfield code="b">txt</subfield>
<subfield code="2">rdacontent</subfield>
</datafield>
<datafield tag="337" ind1=" " ind2=" ">
<subfield code="a">unmediated</subfield>
<subfield code="b">n</subfield>
<subfield code="2">rdamedia</subfield>
</datafield>
<datafield tag="338" ind1=" " ind2=" ">
<subfield code="a">volume</subfield>
<subfield code="b">nc</subfield>
<subfield code="2">rdacarrier</subfield>
</datafield>
<datafield tag="490" ind1="1" ind2=" ">
<subfield code="6">880-04</subfield>
<subfield code="a">Silsilat al-Kutub al-Ḥadīthah ;</subfield>
<subfield code="v">12</subfield>
</datafield>
<datafield tag="500" ind1=" " ind2=" ">
<subfield code="a">Romanized.</subfield>
</datafield>
<datafield tag="504" ind1=" " ind2=" ">
<subfield code="a">Includes bibliographical references (pages 333-338).</subfield>
</datafield>
<datafield tag="600" ind1="1" ind2="0">
<subfield code="6">880-05</subfield>
<subfield code="a">Kurd ʻAlī, Muḥammad,</subfield>
<subfield code="d">1876-1953.</subfield>
</datafield>
<datafield tag="600" ind1="1" ind2="7">
<subfield code="a">Kurd ʻAlī, Muḥammad,</subfield>
<subfield code="d">1876-1953</subfield>
<subfield code="2">fast</subfield>
<subfield code="0">(OCoLC)fst00098532.</subfield>
</datafield>
<datafield tag="776" ind1="0" ind2="8">
<subfield code="i">Online version:</subfield>
<subfield code="a">Ālūsī, Jamāl al-Dīn.</subfield>
<subfield code="t">Muḥammad Kurd ʻAlī.</subfield>
<subfield code="d">1966</subfield>
<subfield code="w">(OCoLC)568202791</subfield>
</datafield>
<datafield tag="880" ind1="1" ind2=" ">
<subfield code="6">100-01/</subfield>
<subfield code="a">آلوسي، جمال الدين.</subfield>
</datafield>
<datafield tag="880" ind1="1" ind2="0">
<subfield code="6">245-02/</subfield>
<subfield code="a">محمد كرد علي /</subfield>
<subfield code="c">تأليف جمال الدين الآلوسي.</subfield>
</datafield>
<datafield tag="880" ind1=" " ind2=" ">
<subfield code="6">260-03/</subfield>
<subfield code="a">بغداد :</subfield>
<subfield code="b">دار الجمهورية،</subfield>
<subfield code="c">1966.</subfield>
</datafield>
<datafield tag="880" ind1="1" ind2=" ">
<subfield code="6">490-04/</subfield>
<subfield code="a">سلسلة الكتب الحديثة ؛</subfield>
<subfield code="v">١٢</subfield>
</datafield>
<datafield tag="880" ind1="1" ind2="4">
<subfield code="6">600-05/</subfield>
<subfield code="a">كرد علي، محمد.</subfield>
</datafield>
<datafield tag="810" ind1="1" ind2=" ">
<subfield code="6">880-06</subfield>
<subfield code="a">Iraq.</subfield>
<subfield code="b">Wizārat al-Thaqāfah wa-al-Irshād.</subfield>
<subfield code="t">Silsilat al-kutub al-ḥadīthah ;</subfield>
<subfield code="v">12.</subfield>
</datafield>
<datafield tag="880" ind1="1" ind2=" ">
<subfield code="6">810-06/</subfield>
<subfield code="a">العراق.</subfield>
<subfield code="b">وزارة الثقافة والارشاد.</subfield>
<subfield code="t">سلسلة الكتب الحديثة ؛</subfield>
<subfield code="v">12.</subfield>
</datafield>
<datafield tag="OWN" ind1=" " ind2=" ">
<subfield code="a">GENERAL</subfield>
</datafield>
<datafield tag="AVA" ind1=" " ind2=" ">
<subfield code="a">NYU50</subfield>
<subfield code="b">BOBST</subfield>
<subfield code="c">Main Collection</subfield>
<subfield code="d">CT1918.K8 A7</subfield>
<subfield code="e">unavailable</subfield>
<subfield code="t">Unavailable</subfield>
<subfield code="f">1</subfield>
<subfield code="g">1</subfield>
<subfield code="h">N</subfield>
<subfield code="i">0</subfield>
<subfield code="j">MAIN</subfield>
<subfield code="k">0</subfield>
</datafield>
</record>
